%YAML 1.1
%TAG !u! tag:unity3d.com,2011:
--- !u!1 &2411529978151519044
GameObject:
  m_ObjectHideFlags: 0
  m_CorrespondingSourceObject: {fileID: 0}
  m_PrefabInstance: {fileID: 0}
  m_PrefabAsset: {fileID: 0}
  serializedVersion: 6
  m_Component:
  - component: {fileID: 2411529978151519045}
  m_Layer: 0
  m_Name: Missile_Socket
  m_TagString: Untagged
  m_Icon: {fileID: 0}
  m_NavMeshLayer: 0
  m_StaticEditorFlags: 0
  m_IsActive: 1
--- !u!4 &2411529978151519045
Transform:
  m_ObjectHideFlags: 0
  m_CorrespondingSourceObject: {fileID: 0}
  m_PrefabInstance: {fileID: 0}
  m_PrefabAsset: {fileID: 0}
  m_GameObject: {fileID: 2411529978151519044}
  m_LocalRotation: {x: 0.70710677, y: 0, z: 0, w: 0.70710677}
  m_LocalPosition: {x: 1.455, y: -0.014, z: 0.048}
  m_LocalScale: {x: 1, y: 1, z: 1}
  m_Children:
  - {fileID: 2411529979097603087}
  m_Father: {fileID: 8818901568915970239}
  m_RootOrder: 0
  m_LocalEulerAnglesHint: {x: 90, y: 90, z: 90}
--- !u!1 &2411529978308516879
GameObject:
  m_ObjectHideFlags: 0
  m_CorrespondingSourceObject: {fileID: 0}
  m_PrefabInstance: {fileID: 0}
  m_PrefabAsset: {fileID: 0}
  serializedVersion: 6
  m_Component:
  - component: {fileID: 2411529978308516866}
  - component: {fileID: 2411529978308516865}
  - component: {fileID: 2411529978308516864}
  m_Layer: 0
  m_Name: Main Camera
  m_TagString: MainCamera
  m_Icon: {fileID: 0}
  m_NavMeshLayer: 0
  m_StaticEditorFlags: 0
  m_IsActive: 0
--- !u!4 &2411529978308516866
Transform:
  m_ObjectHideFlags: 0
  m_CorrespondingSourceObject: {fileID: 0}
  m_PrefabInstance: {fileID: 0}
  m_PrefabAsset: {fileID: 0}
  m_GameObject: {fileID: 2411529978308516879}
  m_LocalRotation: {x: -0.20636982, y: -0.35912275, z: -0.08175551, w: 0.9065089}
  m_LocalPosition: {x: 7.29, y: 10, z: -7.74}
  m_LocalScale: {x: 0.19999996, y: 0.20000003, z: 0.19999999}
  m_Children: []
  m_Father: {fileID: 2411529978505662661}
  m_RootOrder: 1
  m_LocalEulerAnglesHint: {x: -25.65, y: -43.223003, z: 0}
--- !u!20 &2411529978308516865
Camera:
  m_ObjectHideFlags: 0
  m_CorrespondingSourceObject: {fileID: 0}
  m_PrefabInstance: {fileID: 0}
  m_PrefabAsset: {fileID: 0}
  m_GameObject: {fileID: 2411529978308516879}
  m_Enabled: 1
  serializedVersion: 2
  m_ClearFlags: 1
  m_BackGroundColor: {r: 0.19215687, g: 0.3019608, b: 0.4745098, a: 0}
  m_projectionMatrixMode: 1
  m_SensorSize: {x: 36, y: 24}
  m_LensShift: {x: 0, y: 0}
  m_GateFitMode: 2
  m_FocalLength: 50
  m_NormalizedViewPortRect:
    serializedVersion: 2
    x: 0
    y: 0
    width: 1
    height: 1
  near clip plane: 0.3
  far clip plane: 1000
  field of view: 60
  orthographic: 0
  orthographic size: 5
  m_Depth: -1
  m_CullingMask:
    serializedVersion: 2
    m_Bits: 3841
  m_RenderingPath: -1
  m_TargetTexture: {fileID: 0}
  m_TargetDisplay: 0
  m_TargetEye: 3
  m_HDR: 1
  m_AllowMSAA: 1
  m_AllowDynamicResolution: 0
  m_ForceIntoRT: 0
  m_OcclusionCulling: 1
  m_StereoConvergence: 10
  m_StereoSeparation: 0.022
--- !u!81 &2411529978308516864
AudioListener:
  m_ObjectHideFlags: 0
  m_CorrespondingSourceObject: {fileID: 0}
  m_PrefabInstance: {fileID: 0}
  m_PrefabAsset: {fileID: 0}
  m_GameObject: {fileID: 2411529978308516879}
  m_Enabled: 1
--- !u!1 &2411529978505662660
GameObject:
  m_ObjectHideFlags: 0
  m_CorrespondingSourceObject: {fileID: 0}
  m_PrefabInstance: {fileID: 0}
  m_PrefabAsset: {fileID: 0}
  serializedVersion: 6
  m_Component:
  - component: {fileID: 2411529978505662661}
  - component: {fileID: 2411529978505662663}
  - component: {fileID: 2411529978505662662}
  m_Layer: 0
  m_Name: Prefab_DefenseSystem 1
  m_TagString: Untagged
  m_Icon: {fileID: 0}
  m_NavMeshLayer: 0
  m_StaticEditorFlags: 0
  m_IsActive: 1
--- !u!4 &2411529978505662661
Transform:
  m_ObjectHideFlags: 0
  m_CorrespondingSourceObject: {fileID: 0}
  m_PrefabInstance: {fileID: 0}
  m_PrefabAsset: {fileID: 0}
  m_GameObject: {fileID: 2411529978505662660}
  m_LocalRotation: {x: 0, y: 0, z: 0, w: 1}
  m_LocalPosition: {x: 59.665, y: -8.664, z: 23.972}
  m_LocalScale: {x: 1, y: 1, z: 1}
  m_Children:
  - {fileID: 786917580855726766}
  - {fileID: 2411529978308516866}
  m_Father: {fileID: 0}
  m_RootOrder: 0
  m_LocalEulerAnglesHint: {x: 0, y: 0, z: 0}
--- !u!143 &2411529978505662663
CharacterController:
  m_ObjectHideFlags: 0
  m_CorrespondingSourceObject: {fileID: 0}
  m_PrefabInstance: {fileID: 0}
  m_PrefabAsset: {fileID: 0}
  m_GameObject: {fileID: 2411529978505662660}
  m_Material: {fileID: 0}
  m_IsTrigger: 0
  m_Enabled: 1
  serializedVersion: 2
  m_Height: 2
  m_Radius: 0.5
  m_SlopeLimit: 45
  m_StepOffset: 0.3
  m_SkinWidth: 0.08
  m_MinMoveDistance: 0.001
  m_Center: {x: 0, y: 0, z: 0}
--- !u!114 &2411529978505662662
MonoBehaviour:
  m_ObjectHideFlags: 0
  m_CorrespondingSourceObject: {fileID: 0}
  m_PrefabInstance: {fileID: 0}
  m_PrefabAsset: {fileID: 0}
  m_GameObject: {fileID: 2411529978505662660}
  m_Enabled: 1
  m_EditorHideFlags: 0
  m_Script: {fileID: 11500000, guid: 93a214feb83a81f49b3c5a8f601cf40c, type: 3}
  m_Name: 
  m_EditorClassIdentifier: 
  mouseSensitivity: 2
  upDownRange: 90
  upDownObject: {fileID: 2490276573628568788}
  leftRightObject: {fileID: 7356099370370731916}
  cameraObject: {fileID: 2411529979097603086}
  target: {fileID: 4237620625429911100}
  missileSocket: {fileID: 2411529978151519044}
--- !u!1 &2411529979097603086
GameObject:
  m_ObjectHideFlags: 0
  m_CorrespondingSourceObject: {fileID: 0}
  m_PrefabInstance: {fileID: 0}
  m_PrefabAsset: {fileID: 0}
  serializedVersion: 6
  m_Component:
  - component: {fileID: 2411529979097603087}
  - component: {fileID: 2411529979097603073}
  - component: {fileID: 2411529979097603072}
  m_Layer: 0
  m_Name: Main Camera (1)
  m_TagString: MainCamera
  m_Icon: {fileID: 0}
  m_NavMeshLayer: 0
  m_StaticEditorFlags: 0
  m_IsActive: 1
--- !u!4 &2411529979097603087
Transform:
  m_ObjectHideFlags: 0
  m_CorrespondingSourceObject: {fileID: 0}
  m_PrefabInstance: {fileID: 0}
  m_PrefabAsset: {fileID: 0}
  m_GameObject: {fileID: 2411529979097603086}
  m_LocalRotation: {x: 0, y: 0.7071068, z: 0, w: 0.7071068}
  m_LocalPosition: {x: -2.658, y: 0.631, z: 0}
  m_LocalScale: {x: 1, y: 1, z: 1}
  m_Children: []
  m_Father: {fileID: 2411529978151519045}
  m_RootOrder: 0
  m_LocalEulerAnglesHint: {x: 0, y: 90, z: 0}
--- !u!20 &2411529979097603073
Camera:
  m_ObjectHideFlags: 0
  m_CorrespondingSourceObject: {fileID: 0}
  m_PrefabInstance: {fileID: 0}
  m_PrefabAsset: {fileID: 0}
  m_GameObject: {fileID: 2411529979097603086}
  m_Enabled: 1
  serializedVersion: 2
  m_ClearFlags: 1
  m_BackGroundColor: {r: 0.19215687, g: 0.3019608, b: 0.4745098, a: 0}
  m_projectionMatrixMode: 1
  m_SensorSize: {x: 36, y: 24}
  m_LensShift: {x: 0, y: 0}
  m_GateFitMode: 2
  m_FocalLength: 50
  m_NormalizedViewPortRect:
    serializedVersion: 2
    x: 0
    y: 0
    width: 1
    height: 1
  near clip plane: 0.3
  far clip plane: 1000
  field of view: 60
  orthographic: 0
  orthographic size: 5
  m_Depth: -1
  m_CullingMask:
    serializedVersion: 2
    m_Bits: 3841
  m_RenderingPath: -1
  m_TargetTexture: {fileID: 0}
  m_TargetDisplay: 0
  m_TargetEye: 3
  m_HDR: 1
  m_AllowMSAA: 1
  m_AllowDynamicResolution: 0
  m_ForceIntoRT: 0
  m_OcclusionCulling: 1
  m_StereoConvergence: 10
  m_StereoSeparation: 0.022
--- !u!81 &2411529979097603072
AudioListener:
  m_ObjectHideFlags: 0
  m_CorrespondingSourceObject: {fileID: 0}
  m_PrefabInstance: {fileID: 0}
  m_PrefabAsset: {fileID: 0}
  m_GameObject: {fileID: 2411529979097603086}
  m_Enabled: 1
--- !u!1 &2460986656454965078
GameObject:
  m_ObjectHideFlags: 0
  m_CorrespondingSourceObject: {fileID: 0}
  m_PrefabInstance: {fileID: 0}
  m_PrefabAsset: {fileID: 0}
  serializedVersion: 6
  m_Component:
  - component: {fileID: 4237620625429911100}
  m_Layer: 0
  m_Name: Aim
  m_TagString: Untagged
  m_Icon: {fileID: 0}
  m_NavMeshLayer: 0
  m_StaticEditorFlags: 0
  m_IsActive: 1
--- !u!4 &4237620625429911100
Transform:
  m_ObjectHideFlags: 0
  m_CorrespondingSourceObject: {fileID: 0}
  m_PrefabInstance: {fileID: 0}
  m_PrefabAsset: {fileID: 0}
  m_GameObject: {fileID: 2460986656454965078}
  m_LocalRotation: {x: 0.70710677, y: 0, z: 0, w: 0.70710677}
  m_LocalPosition: {x: 2.52, y: -0.01, z: 0.05}
  m_LocalScale: {x: 1, y: 1, z: 1}
  m_Children: []
  m_Father: {fileID: 8818901568915970239}
  m_RootOrder: 1
  m_LocalEulerAnglesHint: {x: 90, y: 90, z: 90}
--- !u!1001 &2411529978489994442
PrefabInstance:
  m_ObjectHideFlags: 0
  serializedVersion: 2
  m_Modification:
    m_TransformParent: {fileID: 2411529978505662661}
    m_Modifications:
    - target: {fileID: 5143503137880273734, guid: 7c61a9e0eadd163449638cf2e0b2fc85,
        type: 3}
      propertyPath: m_Name
      value: Prefab_RocketLauncher
      objectReference: {fileID: 0}
    - target: {fileID: 6562995890729444469, guid: 7c61a9e0eadd163449638cf2e0b2fc85,
        type: 3}
      propertyPath: m_LocalRotation.x
      value: -0.072010025
      objectReference: {fileID: 0}
    - target: {fileID: 6562995890729444469, guid: 7c61a9e0eadd163449638cf2e0b2fc85,
        type: 3}
      propertyPath: m_LocalRotation.y
      value: -0.072010025
      objectReference: {fileID: 0}
    - target: {fileID: 6562995890729444469, guid: 7c61a9e0eadd163449638cf2e0b2fc85,
        type: 3}
      propertyPath: m_LocalRotation.z
      value: -0.7034306
      objectReference: {fileID: 0}
    - target: {fileID: 6562995890729444469, guid: 7c61a9e0eadd163449638cf2e0b2fc85,
        type: 3}
      propertyPath: m_LocalRotation.w
      value: 0.7034306
      objectReference: {fileID: 0}
    - target: {fileID: 6562995890729444469, guid: 7c61a9e0eadd163449638cf2e0b2fc85,
        type: 3}
      propertyPath: m_LocalEulerAnglesHint.x
      value: -11.69
      objectReference: {fileID: 0}
    - target: {fileID: 6562995890729444469, guid: 7c61a9e0eadd163449638cf2e0b2fc85,
        type: 3}
      propertyPath: m_LocalEulerAnglesHint.z
      value: -90
      objectReference: {fileID: 0}
    - target: {fileID: 3142607520761359972, guid: 7c61a9e0eadd163449638cf2e0b2fc85,
        type: 3}
      propertyPath: m_LocalPosition.x
      value: 0
      objectReference: {fileID: 0}
    - target: {fileID: 3142607520761359972, guid: 7c61a9e0eadd163449638cf2e0b2fc85,
        type: 3}
      propertyPath: m_LocalPosition.y
      value: 10.46
      objectReference: {fileID: 0}
    - target: {fileID: 3142607520761359972, guid: 7c61a9e0eadd163449638cf2e0b2fc85,
        type: 3}
      propertyPath: m_LocalPosition.z
      value: 0
      objectReference: {fileID: 0}
    - target: {fileID: 3142607520761359972, guid: 7c61a9e0eadd163449638cf2e0b2fc85,
        type: 3}
      propertyPath: m_LocalRotation.x
      value: -0.7036837
      objectReference: {fileID: 0}
    - target: {fileID: 3142607520761359972, guid: 7c61a9e0eadd163449638cf2e0b2fc85,
        type: 3}
      propertyPath: m_LocalRotation.y
      value: -0.0694928
      objectReference: {fileID: 0}
    - target: {fileID: 3142607520761359972, guid: 7c61a9e0eadd163449638cf2e0b2fc85,
        type: 3}
      propertyPath: m_LocalRotation.z
      value: -0.0694928
      objectReference: {fileID: 0}
    - target: {fileID: 3142607520761359972, guid: 7c61a9e0eadd163449638cf2e0b2fc85,
        type: 3}
      propertyPath: m_LocalRotation.w
      value: 0.7036837
      objectReference: {fileID: 0}
    - target: {fileID: 3142607520761359972, guid: 7c61a9e0eadd163449638cf2e0b2fc85,
        type: 3}
      propertyPath: m_RootOrder
      value: 0
      objectReference: {fileID: 0}
    - target: {fileID: 3142607520761359972, guid: 7c61a9e0eadd163449638cf2e0b2fc85,
        type: 3}
      propertyPath: m_LocalEulerAnglesHint.x
      value: -90
      objectReference: {fileID: 0}
    - target: {fileID: 3142607520761359972, guid: 7c61a9e0eadd163449638cf2e0b2fc85,
        type: 3}
      propertyPath: m_LocalEulerAnglesHint.y
      value: -11.28
      objectReference: {fileID: 0}
    - target: {fileID: 3142607520761359972, guid: 7c61a9e0eadd163449638cf2e0b2fc85,
        type: 3}
      propertyPath: m_LocalEulerAnglesHint.z
      value: 0
      objectReference: {fileID: 0}
    - target: {fileID: 7052259140189809353, guid: 7c61a9e0eadd163449638cf2e0b2fc85,
        type: 3}
      propertyPath: m_LocalRotation.w
      value: 0.7071068
      objectReference: {fileID: 0}
    - target: {fileID: 7052259140189809353, guid: 7c61a9e0eadd163449638cf2e0b2fc85,
        type: 3}
      propertyPath: m_LocalEulerAnglesHint.z
      value: -90
      objectReference: {fileID: 0}
    m_RemovedComponents: []
  m_SourcePrefab: {fileID: 100100000, guid: 7c61a9e0eadd163449638cf2e0b2fc85, type: 3}
--- !u!1 &7356099370370731916 stripped
GameObject:
  m_CorrespondingSourceObject: {fileID: 5143503137880273734, guid: 7c61a9e0eadd163449638cf2e0b2fc85,
    type: 3}
  m_PrefabInstance: {fileID: 2411529978489994442}
  m_PrefabAsset: {fileID: 0}
--- !u!4 &786917580855726766 stripped
Transform:
  m_CorrespondingSourceObject: {fileID: 3142607520761359972, guid: 7c61a9e0eadd163449638cf2e0b2fc85,
    type: 3}
  m_PrefabInstance: {fileID: 2411529978489994442}
  m_PrefabAsset: {fileID: 0}
--- !u!1 &2490276573628568788 stripped
GameObject:
  m_CorrespondingSourceObject: {fileID: 286054324906387486, guid: 7c61a9e0eadd163449638cf2e0b2fc85,
    type: 3}
  m_PrefabInstance: {fileID: 2411529978489994442}
  m_PrefabAsset: {fileID: 0}
--- !u!4 &8818901568915970239 stripped
Transform:
  m_CorrespondingSourceObject: {fileID: 6562995890729444469, guid: 7c61a9e0eadd163449638cf2e0b2fc85,
    type: 3}
  m_PrefabInstance: {fileID: 2411529978489994442}
  m_PrefabAsset: {fileID: 0}
